<?xml version="1.0" encoding="UTF-8"?><collection xmlns="http://www.loc.gov/MARC21/slim"><record><leader>00486nam--2200157-i-4500</leader><controlfield tag="001">000031320</controlfield><controlfield tag="002">20161230</controlfield><controlfield tag="005">20170205011005</controlfield><controlfield tag="008">060222s1000------------r-----000-0-eng-d</controlfield><datafield ind1="1" ind2=" " tag="100"><subfield code="a">Sieber, N</subfield></datafield><datafield ind1="1" ind2="0" tag="245"><subfield code="a">Spezielle funktion</subfield><subfield code="c">Sebastian, H-J</subfield></datafield><datafield ind1=" " ind2=" " tag="260"><subfield code="a">Leipzig</subfield><subfield code="b">Bsb N.G.Teubner Verlagsgesellschaft</subfield><subfield code="c">1977</subfield></datafield><datafield ind1=" " ind2=" " tag="490"><subfield code="a">Mathematik Fur Ingenieure, Naturwissenschaftle Okonomen Und Landwirte</subfield><subfield code="v">Band 12</subfield></datafield><datafield ind1=" " ind2=" " tag="700"><subfield code="a">Sebastian, H-J</subfield></datafield><datafield ind1=" " ind2=" " tag="852"><subfield code="a">49870</subfield><subfield code="c">517.5</subfield></datafield><datafield ind1=" " ind2=" " tag="CAT"><subfield code="a">SYS</subfield><subfield code="c">20170205</subfield><subfield code="h">011005</subfield></datafield></record></collection>